@InProceedings{lazypropagation2010,
  author =       {Simon Holm Jensen and Anders M\o{}ller and Peter Thiemann},
  title =        {Interprocedural Analysis with Lazy Propagation},
  booktitle =    {Proc. 17th International Static Analysis Symposium, SAS~'10},
  year =         {2010},
  month =        {September},
  series =       {LNCS},
  volume =       {6337},
  publisher =    {Springer-Verlag},
}

@Article{nsquared,
  author =       {Wayne Goddard and Ewa Kubicka and Grezegorz Kubicki and F. R. McMorris},
  title =        {The Agreement Metric for Labeled Binary Trees},
  journal =      {Mathematical Biosciences}, 
  volume =       {123},
  number =       {2},
  pages =        {215-226},
  month =        {October},
  year =         {1994},
  publisher =    {Elsevier},
}

@Article{nlogn,
  author =       {Richard Cole and Martin Farach-Colton and Ramesh Hariharan and Teresa Przytycka and Mikkel Thorup},
  title =        {An O(nlogn) Algorithm for the Maximum Agreement Subtree Problem for Binary Trees},
  journal =      {SIAM Journal on Computing}, 
  volume =       {30},
  number =       {5},
  pages =        {1385â€“1404},
  year =         {2000},
  publisher =    {Society for Industrial and Applied Mathematics},
}

@Article{fredman,
	author =       {Michael L. Fredman},
	title =        {Two Applications of a Probabilistic Search Technique: Sorting X+Y and Building Balanced Search Trees},
	journal =      {Proceedings of seventh annual ACM symposium on Theory of computing},
	pages =        {240-244},
	month =        {May},
	year =         {1975},
	publisher =    {ACM},
}

@article{fredman_lis,
	title={On computing the length of longest increasing subsequences},
	author={Fredman, Michael L},
	journal={Discrete Mathematics},
	volume={11},
	number={1},
	pages={29-35},
	year={1975},
	publisher={Elsevier}
}

@Article{FastMatch,
	author    = {Ming Yang Kao and Tak Wah Lam and 	Wing Kin Sung and Hing Fung Ting},
	title     = {An Even Faster and More Unifying Algorithm for Comparing Trees via	Unbalanced Bipartite Matchings},
	journal   = {CoRR},
	volume    = {cs.CV/0101010},
	year      = {2001},
	url       = {http://arxiv.org/abs/cs.CV/0101010},
	timestamp = {Mon, 05 Dec 2011 18:05:21 +0100},
	biburl    = {http://dblp.uni-trier.de/rec/bib/journals/corr/cs-CV-0101010},
	bibsource = {dblp computer science bibliography, http://dblp.org}
}

@InBook{gusfield,
	author =       {Dan Gusfield},
	title =        {Algorithms on Strings, Trees and Sequences},
	chapter =	   {8},
	year =         {1997},
	month =        {May},
	publisher =    {Cambridge University Press},
}

